<record><leader>00000cas a2200000 a 4500</leader><controlfield tag="001">12425434</controlfield><controlfield tag="008">850826d18711894iluwr ne      0   a0eng c</controlfield><datafield ind1=" " ind2=" " tag="010"><subfield code="a">sn 85034112 </subfield></datafield><datafield ind1=" " ind2=" " tag="040"><subfield code="a">NPU</subfield><subfield code="b">eng</subfield><subfield code="c">NPU</subfield><subfield code="d">NVF</subfield><subfield code="d">MGN</subfield><subfield code="d">OCLCQ</subfield><subfield code="d">CVF</subfield><subfield code="d">NVF</subfield><subfield code="d">OCLCQ</subfield><subfield code="d">NVF</subfield><subfield code="d">OCLCO</subfield><subfield code="d">OCLCF</subfield></datafield><datafield ind1="1" ind2=" " tag="029"><subfield code="a">AU@</subfield><subfield code="b">000020386429</subfield></datafield><datafield ind1=" " ind2=" " tag="042"><subfield code="a">pcc</subfield></datafield><datafield ind1=" " ind2=" " tag="043"><subfield code="a">n-us-il</subfield></datafield><datafield ind1="0" ind2="4" tag="245"><subfield code="a">The Prophetstown spike.</subfield></datafield><datafield ind1=" " ind2=" " tag="260"><subfield code="a">Prophetstown, Ill. :</subfield><subfield code="b">A.D. Hill,</subfield><subfield code="c">1871-1894.</subfield></datafield><datafield ind1="3" ind2=" " tag="260"><subfield code="3">&lt;1874&gt;</subfield><subfield code="a">Prophetstown, Ill. :</subfield><subfield code="b">Hill &amp; Wilson</subfield></datafield><datafield ind1=" " ind2=" " tag="300"><subfield code="a">v.</subfield></datafield><datafield ind1=" " ind2=" " tag="310"><subfield code="a">Weekly</subfield></datafield><datafield ind1="0" ind2=" " tag="362"><subfield code="a">Vol. 1, no. 1 (Sept. 2, 1871)-</subfield></datafield><datafield ind1="1" ind2=" " tag="362"><subfield code="a">Ceased in 1894.</subfield></datafield><datafield ind1=" " ind2=" " tag="580"><subfield code="a">Merged with: Rock River Valley echo, to form: Prophetstown echo (Prophetstown, Ill. : 1894).</subfield></datafield><datafield ind1=" " ind2=" " tag="588"><subfield code="a">Latest issue consulted: Aug. 21, 1876.</subfield></datafield><datafield ind1=" " ind2="0" tag="651"><subfield code="a">Prophetstown (Ill.)</subfield><subfield code="v">Newspapers.</subfield></datafield><datafield ind1=" " ind2="7" tag="655"><subfield code="a">Newspapers.</subfield><subfield code="2">fast</subfield><subfield code="0">(OCoLC)fst01423814</subfield></datafield><datafield ind1=" " ind2="7" tag="651"><subfield code="a">Illinois</subfield><subfield code="z">Prophetstown.</subfield><subfield code="2">fast</subfield><subfield code="0">(OCoLC)fst01883520</subfield></datafield><datafield ind1=" " ind2=" " tag="752"><subfield code="a">United States</subfield><subfield code="b">Illinois</subfield><subfield code="c">Whiteside County</subfield><subfield code="d">Prophetstown.</subfield></datafield><datafield ind1="1" ind2="7" tag="785"><subfield code="t">Rock River Valley echo</subfield><subfield code="w">(DLC)sn2006060407</subfield><subfield code="w">(OCoLC)71295941</subfield></datafield><datafield ind1="1" ind2="7" tag="785"><subfield code="t">Prophetstown echo (Prophetstown, Ill. : 1894)</subfield><subfield code="w">(DLC)sn 92053319</subfield><subfield code="w">(OCoLC)26231731</subfield></datafield></record>